
@inproceedings{bakke2011, 
    title       = {A Spreadsheet-based User Interface for Managing Plural Relationships in Structured Data},
    author      = {Bakke, Eirik and Karger, David and Miller, Rob},
    booktitle   = {Proc. {SIGCHI} Conference on Human Factors in Computing Systems},
    location    = {Vancouver},
    pages       = {2541--2550},
    numpages    = {10},
    year        = {2011},
    series      = {CHI '11},
    publisher   = {ACM},
    doi         = {10.1145/1978942.1979313},
}
    isbn        = {978-1-4503-0228-9},
    keywords    = {2011 nf2 spreadsheet visualdb},
    url         = {http://doi.acm.org/10.1145/1978942.1979313}

@inproceedings{benford2015,
    title       = {Augmenting a Guitar with its Digital Footprint},
    author      = {Steve Benford and Adrian Hazzard and others},
    full_author = {Steve Benford and Adrian Hazzard and Alan Chamberlain and Liming Xu},
    booktitle   = {Proc. International Conference on New Interfaces for Musical Expression},
    year        = {2015},
    pages       = {303--306},
    publisher   = {Louisiana State University},
    url         = {http://www.nime.org/proceedings/2015/nime2015_264.pdf}
    }
    address     = {Baton Rouge},
    editor      = {Edgar Berdahl and Jesse Allison},

@article{buneman2011,
    title       = {The {Database Wiki} project: a general-purpose platform for data curation and collaboration},
    author      = {Peter Buneman and James Cheney and others},
    full_author = {
        Peter Buneman and
        James Cheney and
        Sam Lindley and
        Heiko M{\"{u}}ller
        },
    journal     = {{SIGMOD} Record},
    year        = {2011},
    volume      = {40},
    number      = {3},
    pages       = {15--20},
    doi         = {10.1145/2070736.2070740},
    }
    url         = {http://www.sigmod.org/publications/sigmod-record/1109/pdfs/04.prototypes.buneman.pdf}  

@article{ciccarese2012,
    title       = {Open semantic annotation of scientific publications using {DOMEO}},
    author      = {
        Paolo Ciccarese and
        Marco Ocana and
        Tim Clark
        },
    journal     = {J. Biomedical Semantics},
    volume      = {3},
    number      = {{S-1}},
    pages       = {S1},
    year        = {2012},
    url         = {http://www.jbiomedsem.com/content/3/S1/S1}
    }

@techreport{cidoc-crm62,
    title       = {Definition of the {CIDOC} Conceptual Reference Model, Version {V6.2}},
    author      = {Patrick {Le B{\oe}uf} and Martin Doerr and others},
    full_author = {
        Patrick {Le B{\oe}uf} and
        Martin Doerr and
        Christian Emil Ore and
        Stephen Stead
        },
    institution = {International Council of Museums},
    year        = {2015},  
    month       = {5},
    url         = {http://www.cidoc-crm.org/docs/cidoc_crm_version_6.2.pdf}
    }

@manual{cidoc-frbroo10,
    title       = {{FRBR} - object-oriented definition and mapping to {FRBRer} (version 1.0)},
    editor      = {
        Chryssoula Bekiari and 
        Martin Doerr and 
        Patrick {Le B{\oe}uf}
        },
    edition     = {1.0},
    institution = {International Working Group on {FRBR} and {CIDOC CRM} Harmonisation},
    keywords    = {ArcheoInf CIDOC FRBR FRBRoo Ontologie ontology},
    note        = {May 2009},
    year        = 2009,
    url         = {http://cidoc.ics.forth.gr/docs/frbr_oo/frbr_docs/FRBRoo_V1.0_draft__2009_may_.pdf}
}

@inproceedings{coles2008,
    title       = {Experiences with repositories and blogs in laboratories},
    author      = {Simon Coles and Leslie Carr and Jeremy Frey},
    booktitle   = {Open Repositories 2008},
    month       = {April},
    year        = {2008},
    keywords    = {scientific data repositories, e-science, cyberinfrastructure, preservation},
    url         = {http://eprints.soton.ac.uk/50901/}
}

@article{doerr2003,
    title       = {The {CIDOC} Conceptual Reference Module: An Ontological Approach to Semantic Interoperability of Metadata},
    author      = {Doerr, Martin},
    journal     = {{AI} Mag.},
    volume      = {24},
    number      = {3},
    pages       = {75--92},
    numpages    = 18,
    month       = 9,
    year        = 2003,
    publisher   = {American Association for Artificial Intelligence},
    address     = {Menlo Park, CA, USA},
    url         = {http://dl.acm.org/citation.cfm?id=958671.958678}
} 
    issn        = {0738-4602},

@article{frey2013labtrove,
    title = {
        LabTrove: a lightweight, web based, laboratory blog as a route towards a marked up record of work in a bioscience research laboratory
        },
    author      = {Jeremy G. Frey and Andrew J. Milsted and others},
    full_author = {
        Jeremy G. Frey and 
        Andrew J. Milsted and 
        Jennifer R. Hale and 
        Cameron Neylon
        },
    journal     = {PLoS ONE},
    volume      = {8},
    number      = {7},
    pages       = {e67460--[18pp]},
    publisher   = {PLoS ONE},
    year        = {2013},
    month       = {7},
    doi         = {10.1371/journal.pone.0067460},
    url         = {http://eprints.soton.ac.uk/355078/},
}

@phdthesis{garrelfs2015,
    title       = {From inputs to outputs: an investigation of process in sound art practice},
    author      = {Iris Garrelfs}, 
    school      = {University of the Arts London},
    year        = 2015,
    month       = 5,
    url         = {http://irisgarrelfs.com/thesis},
}

@inproceedings{garrelfs2016,
    title       = {
        From Conceptual Blending to Procedural Blending: Applying a Model of Cognition to Process in Sound Art Practice
        },
    author      = {Iris Garrelfs},
    booktitle   = {Off the Lip Conference Proceedings},
    editor      = {Denham, S. and Punt, M.},
    location    = {Plymouth},
    year        = {2016},
    pages       = {71--78},
    url         = {
        http://irisgarrelfs.com/wp-content/uploads/2016/02/Garrelfs-OfftheLip-ProceduralBlending.pdf
        }
}

@inproceedings{gutteridge2002,
    title       = {{GNU EPrints 2} Overview},
    author      = {Christopher Gutteridge},
    booktitle   = {11th Panhellenic Academic Libraries Conference},
    year        = {2002},
    note        = {Event Dates: 2002},
    url         = {http://eprints.soton.ac.uk/256840/},
}

@article{huynh2007piggybank,
    title       = {{Piggy Bank}: Experience the Semantic Web inside your web browser},
    author      = {David Huynh and Stefano Mazzocchi and David Karger},
    journal     = {Web Semantics: Science, Services and Agents on the {World Wide Web}},
    volume      = {5},
    number      = {1},
    year        = {2007},
    publisher   = {Elsevier},
    keywords    = {Semantic Web; Screen scraping; Browsing; Sharing; Tagging;  Annotation;  Collaboration},
    doi         = {10.1016/j.websem.2006.12.002},
}
    issn        = {1570-8268},
    url         = {http://www.websemanticsjournal.org/index.php/ps/article/view/107}

@article{kalus2007,
    title     = {
        Semantic Networks and Historical Knowledge Management: 
        Introducing New Methods of Computer-based Research
        },
    author    = {Maximilian Kalus},
    journal   = {{Journal of the Association for History and Computing}},
    volume    = 10,
    number    = 3,
    year      = 2007,
    month     = 12,
    url       = {http://hdl.handle.net/2027/spo.3310410.0010.301},
    }

@inproceedings{karger2006,
    title       = {The Pathetic Fallacy of {RDF}},
    booktitle   = {International Workshop on the Semantic Web and User Interaction ({SWUI}) 2006},
    author      = {m.c. schraefel and David Karger},
    keywords    = {rdf, visualization, usability, semantic web, mspace, haystack},
    url         = {http://eprints.soton.ac.uk/262911/}
    }
    year        = {2006},
    note        = {Event Dates: Nov 2007},

@techreport{karger2013a,
    title       = {Keynote at the {ESWC} Part 1: The State of End User Information Management},
    author      = {Karger, David},
    institution = {{MIT CSAIL} Research},
    year        = {2013},  
    keywords    = {Semantic Web, User Interfaces, PIM},
    url         = {http://haystack.csail.mit.edu/blog/2013/06/05/keynote-at-the-european-semantic-web-conference-part-1-the-state-of-end-user-information-management/}
    }

@techreport{karger2013b,
    title       = {Keynote at {ESWC} Part 2: How the Semantic Web Can Help End Users},
    author      = {Karger, David},
    institution = {{MIT CSAIL} Research},
    year        = {2013},  
    keywords    = {Semantic Web, User Interfaces, {PIM}, Databases},
    url         = {http://haystack.csail.mit.edu/blog/2013/06/06/keynote-at-eswc-part-2-how-the-semantic-web-can-help-end-users/}
    }

@techreport{karger2013c,
    title       = {Keynote at {ESWC} Part 3: What’s Wrong with Semantic Web Research, and Some Ideas to Fix it},
    author      = {Karger, David},
    institution = {{MIT CSAIL} Research},
    year        = {2013},  
    keywords    = {Semantic Web, User Interfaces},
    url         = {http://haystack.csail.mit.edu/blog/2013/06/10/keynote-at-eswc-part-3-whats-wrong-with-semantic-web-research-and-some-ideas-to-fix-it/}
    }

@presentation{leboeuf2013frbroo,
    title       = {Transforming {FRBR} into {FRBRoo}},
    author      = {Patrick {Le B{\oe}uf}},
    institution = {Università La Sapienza, Rome},
    year        = 2013,
    month       = 5,
    day         = 10,
    timestamp   = {2015-01-19T09:37:34.000+0100},
    type        = {Lecture},
    keywords    = {FRBR, FRBRoo, bibframe},
    url         = {http://www.cidoc-crm.org/docs/Transforming%20FRBR%20into%20FRBRoo.pdf}
}

@article{mcbride2008,
    title       = {Applicative Programming with Effects},
    author      = {McBride, Conor and Paterson, Ross},
    journal     = {J. Funct. Program.},
    volume      = {18},
    number      = {1},
    pages       = {1--13},
    numpages    = {13},
    year        = {2008},
    month       = {1},
    publisher   = {Cambridge University Press},
    address     = {New York, NY, USA},
    doi         = {10.1017/S0956796807006326},
} 
    issn        = {0956-7968},
    url         = {http://dx.doi.org/10.1017/S0956796807006326}

@article{miles2010,
    title       = {{OpenFlyData}: An exemplar data web integrating gene expression data on the fruit fly \emph{Drosophila Melanogaster}},
    author      = {Alistair Miles and David Shotton and others},
    full_author = {Alistair Miles and Jun Zhao and Graham Klyne and Helen White-Cooper and David Shotton},
    journal     = {Journal of Biomedical Informatics},
    volume      = {43},
    number      = {5},
    pages       = {752 - 761},
    year        = {2010},
    doi         = {http://dx.doi.org/10.1016/j.jbi.2010.04.00},
}
    issn        = {1532-0464},
    keywords    = {Chado},
    keywords    = {Data integration},
    keywords    = {Data web},
    keywords    = {Drosophila},
    keywords    = {Gene expression},
    keywords    = {Performance},
    keywords    = {RDF},
    keywords    = {SPARQL},
    keywords    = {Triple store},
    keywords    = {User interface},
    url         = {http://www.sciencedirect.com/science/article/pii/S1532046410000511}

@inproceedings{pietriga2006fresnel,
    title       = {Fresnel: A Browser independent Presentation Vocabulary for {RDF}},
    author      = {Pietriga, Emmanuel and Karger, David and others},
    full_author = {Pietriga, Emmanuel and Bizer, Christian and Karger, David and Lee, Ryan},
    booktitle   = {Proc. 5th International Conference on The Semantic Web},
    location    = {Athens},
    series      = {ISWC'06},
    year        = {2006},
    pages       = {158--171},
    numpages    = {14},
    publisher   = {Springer-Verlag},
    doi         = {10.1007/11926078_12},
} 
    isbn        = {3-540-49029-9, 978-3-540-49029-6},
    url         = {http://dx.doi.org/10.1007/11926078_12}

@misc{protege,
    title       = {Prot\'{e}g\'{e} ontology editor},
    author      = {{Stanford Center for Biomedical Informatics Research ({BMIR})}},
    institution = {Stanford University School of Medicine},
    url         = {http://protege.stanford.edu}
}

@article{rajkumar2013,
    title       = {Lenses for Web Data},
    author      = {Raghu Rajkumar and Sam Lindley and others},
    full_author = {
        Raghu Rajkumar and 
        Sam Lindley and 
        Nate Foster and 
        James Cheney and 
        },
    journal     = {Electronic Communications of the {EASST}},
    year        = 2013,
    number      = 57,
    volume      = 57,
    publisher   = {European Association of Software Science and Technology},
    doi         = {10.14279/tuj.eceasst.57.879}
}
    url         = {http://dx.doi.org/10.14279/tuj.eceasst.57.879}

@misc{rauschmayer2008,
    title       = {Hyena {RDF} editor},
    author      = {Axel Rauschmayer}, 
    year        = 2008,
    type        = {Poster},
    note        = {Displayed at SemWiki 2008, 3rd Semantic Wiki Workshop: The Wiki Way of Semantics},
    url         = {http://ceur-ws.org/Vol-360/poster-11.pdf}
}

@phdthesis{rauschmayer2010,
    title       = {Connected Information Management},
    author      = {Axel Rauschmayer},
    school      = {Ludwig-Maximilians-Universit{\"a}t M{\"u}nchen},
    publisher   = {Ludwig-Maximilians-Universit{\"a}t M{\"u}nchen},
    year        = 2010,
    month       = 2,
    keywords    = {RDF, Information Management},
    url         = {http://nbn-resolving.de/urn:nbn:de:bvb:19-114390},
    }

@article{swedlow2005,
    Title       = {{The Open Microscopy Environment (OME) Data Model and XML file: open tools for informatics and quantitative analysis in biological imaging}},
    Author      = {
        Swedlow, Jason R and others
        },
    full_Author      = {
        Goldberg, Ilya G and 
        Allan, Chris and 
        Burel, Jean-Marie and 
        Creager, Doug and 
        Falconi, Andrea and 
        Hochheiser, Harry and 
        Johnston, Josiah and 
        Mellen, Jeff and 
        Sorger, Peter K and 
        Swedlow, Jason R
        },
    Journal     = {Genome Biology},
    Volume      = {6},
    Number      = {5},
    Pages       = {R47--R47},
    Year        = {2005},
    Publisher   = {BioMed Central},
    Address     = {London},
    Isbn        = {1465-6906; 1465-6914},
    Doi         = {10.1186/gb-2005-6-5-r47},
}
    Url         = {http://www.ncbi.nlm.nih.gov/pmc/articles/PMC1175959/}

@article{voegele2013,
    title       = {A universal open-source Electronic Laboratory Notebook},
    author      = {
        Catherine Voegele and others
        },
    full_author = {
        Catherine Voegele and
        Baptiste Bouchereau and
        Nivonirina Robinot and
        James McKay and
        Philippe Damiecki and
        Lucile Alteyrac
        },
    journal     = {Bioinformatics},
    volume      = {29},
    number      = {13},
    pages       = {1710--1712},
    year        = {2013},
    doi         = {10.1093/bioinformatics/btt253},
    }

@inproceedings{volkel2006,
    title       = {Semantic Wikipedia},
    author      = {V\"{o}lkel, Max and Kr\"{o}tzsch, Markus and },
    full_author = {
        V\"{o}lkel, Max and 
        Kr\"{o}tzsch, Markus and 
        Vrandecic, Denny and 
        Haller, Heiko and 
        Studer, Rudi
        },
    booktitle   = {Proc. 15th International Conference on {World Wide Web}},
    year        = {2006},
    location    = {Edinburgh, Scotland},
    pages       = {585--594},
    numpages    = {10},
    doi         = {10.1145/1135777.1135863},
    acmid       = {1135863},
    publisher   = {ACM},
} 
    address     = {New York, NY, USA},
    keywords    = {RDF, Semantic Web, Wiki, Wikipedia},
    isbn        = {1-59593-323-9},
    url         = {http://doi.acm.org/10.1145/1135777.1135863},

@misc{w3c-json-ld,
    title       = {{JSON-LD} 1.0: A {JSON}-based Serialization for Linked Data},
    author      = {Manu Sporny and Dave Longley and others},
    full_author = {
        Manu Sporny and
        Dave Longley and
        Gregg Kellogg and
        Markus Lanthaler and
        Niklas Lindström
        },
    type        = {{W3C} Recommendation},
    institution = {World Wide Web Consortium},
    year        = 2014,
    month       = 1,
    day         = 16,
    url         = {http://www.w3.org/TR/json-ld/},
    }
    url         = {http://www.w3.org/TR/2014/REC-json-ld-20140116/},

@misc{w3c-ldp,
    title       = {Linked Data Platform 1.0},
    author      = {
        Steve Speicher and
        John Arwe and
        Ashok Malhotra
        },
    type        = {{W3C} Recommendation},
    institution = {World Wide Web Consortium},
    year        = 2015,
    month       = 2,
    day         = 26,
    url         = {http://www.w3.org/TR/ldp/},
    }
    url         = {http://www.w3.org/TR/2015/REC-ldp-20150226/}

@misc{w3c-rdf-concepts,
    title       = {Resource Description Framework ({RDF}): Concepts and Abstract Syntax},
    author      = {Klyne, Graham and Carroll, Jeremy J.},
    type        = {{W3C} Recommendation},
    institution = {World Wide Web Consortium},
    year        = 2004,
    month       = 2,
    day         = 10,
    uri         = {http://www.w3.org/TR/2004/REC-rdf-concepts-20040210}
    }

@misc{w3c-rdf-syntax,
    title       = {{RDF/XML} Syntax Specification},
    author      = {Dave Beckett and Brian McBride},
    type        = {{W3C} Recommendation},
    institution = {World Wide Web Consortium},
    year        = 2004,
    month       = 2,
    day         = 10,
    keywords    = {rdf rdfxml recommendation specification syntax w3c},
    url         = {http://www.w3.org/TR/2004/REC-rdf-syntax-grammar-20040210/}
    }

@techreport{w3c-rdf-schema,
    title       = {{RDF} Vocabulary Description Language 1.0: RDF Schema},
    author      = {Brickley, Dan and Guha, R.V.},
    type        = {{W3C} Recommendation},
    institution = {World Wide Web Consortium},
    year        = 2004,
    month       = 2,
    day         = 10,
    keywords    = {rdfs spec},
    url         = {http://www.w3.org/TR/2004/REC-rdf-schema-20040210/}
    }

@misc{w3c-rdf11-concepts,
    title       = {{RDF} 1.1 Concepts and Abstract Syntax},
    author      = {Richard Cyganiak and David Wood and Markus Lanthaler},
    type        = {{W3C} Recommendation},
    institution = {World Wide Web Consortium},
    year        = 2014,
    month       = 2,
    day         = 25,
    url         = {http://www.w3.org/TR/rdf11-concepts/}
    }
    url         = {http://www.w3.org/TR/2014/REC-rdf11-concepts-20140225/}

@misc{w3c-rdf11-syntax,
    title       = {{RDF/XML} Syntax Specification},
    author      = {Fabien Gandonand and Guus Schreiber},
    type        = {{W3C} Recommendation},
    institution = {World Wide Web Consortium},
    year        = 2014,
    month       = 2,
    day         = 25,
    keywords    = {rdf rdfxml recommendation specification syntax w3c},
    url         = {http://www.w3.org/TR/rdf-syntax-grammar/}
    }
    url         = {http://www.w3.org/TR/2014/REC-rdf-syntax-grammar-20140225/}

@techreport{w3c-rdf11-schema,
    title       = {{RDF} Schema 1.1},
    author      = {Brickley, Dan and Guha, R.V.},
    type        = {{W3C} Recommendation},
    institution = {World Wide Web Consortium},
    year        = 2014,
    month       = 2,
    day         = 25,
    keywords    = {rdfs specification},
    url         = {http://www.w3.org/TR/rdf-schema/}
    }
    url         = {http://www.w3.org/TR/2014/REC-rdf-schema-20140225/}

@techreport{w3c-prov-aq,
    title       = {{PROV-AQ}: Provenance Access and Query},
    author      = {
        Graham Klyne and
        Paul Groth
        },
    type        = {{W3C} Working Group Note},
    institution = {W3C},
    year        = {2013},  
    month       = {4},
    day         = {30},
    keywords    = {provenance, prov, prov-aq, rdf, W3C,},
    url         = {http://www.w3.org/TR/prov-aq/},
    }
    url         = {http://www.w3.org/TR/2013/NOTE-prov-aq-20130430/}

@techreport{w3c-prov-o,
    title       = {{PROV-O}: The {PROV} Ontology},
    author      = {
        Lebo, T. and others
        },
    full_author      = {
        Lebo, T. and 
        Sahoo, S. and 
        McGuinness, D. and 
        Belhajjame, K. and 
        Cheney, J. and 
        Corsar, D. and 
        Garijo, D. and 
        Soiland-Reyes, S. and 
        Zednik, S. and 
        Zhao, J.
        },
    type        = {{W3C} Recommendation},
    institution = {W3C},
    year        = {2013},  
    month       = {4},
    day         = {30},
    keywords    = {ontology, owl, prov-o, provenance, prov, rdf, W3C,},
    url         = {http://www.w3.org/TR/prov-o/}
    }

@techreport{w3c-prov-overview,
    title       = {{PROV} Overview: An Overview of the {PROV} Family of Documents},
    author      = {
        Paul Groth and
        Luc Moreau
        },
    type        = {{W3C} Working Group Note},
    institution = {W3C},
    year        = {2013},  
    month       = {4},
    day         = {30},
    keywords    = {provenance, prov, rdf, W3C,},
    url         = {http://www.w3.org/TR/prov-overview/},
    }
    url         = {http://www.w3.org/TR/2013/NOTE-prov-overview-20130430/}

@inproceedings{wolstencroft2012,
    title       = {{RightField}: Semantic enrichment of Systems Biology data using spreadsheets},
    author      = {
        Katherine Wolstencroft and others
        },
    full_author      = {
        Katherine Wolstencroft and
        Stuart Owen and
        Carole A. Goble and
        Quyen Nguyen and
        Olga Krebs and
        Wolfgang M{\"{u}}ller
        },
    booktitle   = {8th {IEEE} International Conference on E-Science,
                   E-Sci\-ence 2012,
                   {Chicago}, {IL}, {USA}, \emph{{October} 8-12, 2012}},
    pages       = {1--8},
    doi         = {10.1109/eScience.2012.6404412},
}
    year        = {2012},
    month       = {10},
    day         = {8-12},
    url         = {http://dx.doi.org/10.1109/eScience.2012.6404412},

@inproceedings{zhao2013,
    Title       = {A Check\-list-Based Approach for Quality Assessment of Scientific Information},
    Author      = {Jun Zhao and Graham Klyne and Matthew Gamble and Carole Goble},
    Booktitle   = {
        3rd International Workshop on Linked Science ({LISC2013})
        },
    Year        = {2013},
    Url         = {http://linkedscience.org/wp-content/uploads/2013/04/paper5.pdf}
}

@misc{bernerslee2005uri,
    title       = {{RFC 3986, Uniform Resource Identifier (URI): Generic Syntax}},
    author      = {Berners-Lee, T. and Fielding, R. and Masinter, L.},
    year        = 2005,
    keywords    = {rfc uri},
    url         = {https://tools.ietf.org/html/rfc3986},
}

---- BioImage, FlyTED ----


@inproceedings{shotton2004,
    title       = {An introduction to the {BioImage} Database, an image database for biologists},
    author      = {D M Shotton and S Sparks and C Catton},
    booktitle   = {Proc. 4th European Light Microscopy Initiative Meeting, {Gothenburg}},
    year        = {2004}
}

@incollection{catton2006,
    title       = {Chapter 21: Publishing and Finding Images in the {BioImage Database}, an Image Database for Biologists},
    author      = {Chris Catton and Simon Sparks and David M. Shotton},
    pages       = {207--216},
    booktitle   = {Cell Biology (Third Edition) },
    edition     = {Third Edition},
    publisher   = {Academic Press},
    address     = {Burlington},
    year        = {2006},
    doi         = {10.1016/B978-012164730-8/50149-0},
}
    isbn        = {978-0-12-164730-8},
    editor      = {Celis, Julio E. },
    doi         = {http://dx.doi.org/10.1016/B978-012164730-8/50149-0},
    url         = {http://www.sciencedirect.com/science/article/pii/B9780121647308501490}

@incollection{zhao2008,
    title       ={Building a Semantic Web Image Repository for Biological Research Images},
    author      ={Zhao, Jun and Klyne, Graham and Shotton, David},
    booktitle   ={The Semantic Web: Research and Applications},
    volume      ={5021},
    pages       ={154-169},
    series      ={Lecture Notes in Computer Science},
    editor      ={Bechhofer, Sean and Hauswirth, Manfred and Hoffmann, Jörg and Koubarakis, Manolis},
    publisher   ={Springer Berlin Heidelberg},
    year        ={2008},
    doi         ={10.1007/978-3-540-68234-9_14},
}
    isbn        ={978-3-540-68233-2},
    url         ={http://dx.doi.org/10.1007/978-3-540-68234-9_14}

@article{zhao2010,
    title       = {{FlyTED}: the \emph{Dros\-ophila} Testis Gene Expression Database},
    author      = {
        Jun Zhao and 
        Graham Klyne and 
        Elizabeth Benson and 
        Elin Gudmannsdottir and 
        Helen White-Cooper and 
        David Shotton
        },
    journal     = "Nucleic Acids Research",
    volume      = "38",
    number      = "Suppl. 1",
    pages       = "D710--D715",
    year        = "2010",
    doi         = "10.1093/nar/gkp1006",
    issn        = "0305-1048",
}

@article{santos2015,
    title       = {
        FlyBase: introduction of the \emph{Droso\-phila} \emph{Melanogaster} Release 6 reference genome assembly 
        and large-scale migration of genome annotations
        },
    author      = {
        Gilberto {dos Santos} and others
        },
    full_author      = {
        Gilberto dos Santos and
        Andrew J. Schroeder and
        Joshua L. Goodman and
        Victor B. Strelets and
        Madeline A. Crosby and
        Jim Thurmond and
        David B. Emmert and
        William M. Gelbart
        },
    journal     = {Nucleic Acids Research},
    volume      = {43},
    number      = {Database-Issue},
    pages       = {690--697},
    year        = {2015},
    doi         = {10.1093/nar/gku1099},
}   
    url         = {http://dx.doi.org/10.1093/nar/gku1099},



@article{deutsch2006,
    Title       = {
        Development of the Minimum Information Specification for In Situ Hybridization and Immunohistochemistry Experiments 
        ({MISFISHIE})
        },
    Author      = {
        Deutsch, Eric W. and others
        },
    full_Author      = {
        Deutsch, Eric W. and 
        Ball, Catherine A. and
        Bova, G. Steven and
        Brazma, Alvis and
        Bumgarner, Roger E. and
        Campbell, David and
        Causton, Helen C. and
        Christiansen, Jeff and
        Davidson, Duncan and
        Eichner, Lillian J. and
        Goo, Young Ah and
        Grimmond, Sean and
        Henrich, Thorsten and
        Johnson, Michael H. and
        Korb, Martin and
        Mills, Jason C. and
        Oudes, Asa and
        Parkinson, Helen E. and
        Pascal, Laura E. and
        Quackenbush, John and
        Ramialison, Mirana and
        Ringwald, Martin and
        Sansone, Susanna-A. and
        Sherlock, Gavin and
        Stoeckert, Christian J. and
        Swedlow, Jason and
        Taylor, Ronald C. and
        Walashek, Laura and
        Zhou, Yi and
        Liu, Alvin Y. and
        True, Lawrence D.
        },
    Journal     = {OMICS: A Journal of Integrative Biology},
    Volume      = {10},
    Number      = {2},
    Pages       = {205--208},
    Year        = {2006}
}

---- MIBBI, MAGE-TAB, ISA-TAB ----

@article{taylor2008mibbi,
    Title = {
        Promoting coherent minimum reporting guidelines for biological and biomedical investigations: the {MIBBI} project},
    Author = {
        Taylor, Chris F and
        Field, Dawn and
        Sansone, Susanna-Assunta and
        others
        },
    Author_full = {
        Taylor, Chris F and
        Field, Dawn and
        Sansone, Susanna-Assunta and
        Aerts, Jan and
        Apweiler, Rolf and
        Ashburner, Michael and
        Ball, Catherine A and
        Binz, Pierre-Alain and
        Bogue, Molly and
        Booth, Tim and
        Brazma, Alvis and
        Brinkman, Ryan R and
        Michael Clark, Adam and
        Deutsch, Eric W and
        Fiehn, Oliver and
        Fostel, Jennifer and
        Ghazal, Peter and
        Gibson, Frank and
        Gray, Tanya and
        Grimes, Graeme and
        Hancock, John M and
        Hardy, Nigel W and
        Hermjakob, Henning and
        Julian, Randall K, and
        Kane, Matthew and
        Kettner, Carsten and
        Kinsinger, Christopher and
        Kolker, Eugene and
        Kuiper, Martin and
        Novere, Nicolas Le and
        Leebens-Mack, Jim and
        Lewis, Suzanna E and
        Lord, Phillip and
        Mallon, Ann-Marie and
        Marthandan, Nishanth and
        Masuya, Hiroshi and
        McNally, Ruth and
        Mehrle, Alexander and
        Morrison, Norman and
        Orchard, Sandra and
        Quackenbush, John and
        Reecy, James M and
        Robertson, Donald G and
        Rocca-Serra, Philippe and
        Rodriguez, Henry and
        Rosenfelder, Heiko and
        Santoyo-Lopez, Javier and
        Scheuermann, Richard H and
        Schober, Daniel and
        Smith, Barry and
        Snape, Jason and
        Stoeckert, Christian J, and
        Tipton, Keith and
        Sterk, Peter and
        Untergasser, Andreas and
        Vandesompele, Jo and
        Wiemann, Stefan
        },
    Journal = {Nat Biotech},
    Volume = {26},
    Year = {2008},
    Month = {08},
    Number = {8},
    Pages = {889--896},
    Publisher = {Nature Publishing Group},
    Url = {http://dx.doi.org/10.1038/nbt.1411},
    }
    Isbn = {1087-0156},

@article{rayner2006,
    title       = {A simple spreadsheet-based, {MIAME}-supportive format for microarray data: {MAGE-TAB}},
    author      = {
        Rayner, Tim F. and
        Rocca-Serra, Philippe and
        Spellman, Paul T. and
        Causton, Helen C. and
        Farne, Anna and
        Holloway, Ele and
        Irizarry, Rafael A. and
        Liu, Junmin and
        Maier, Donald and
        Miller, Michael and
        Petersen, Kjell and
        Quackenbush, John and
        Sherlock, Gavin and
        Stoeckert, Jr, Christian J. and
        White, Joseph and
        Whetzel, Patricia L. and
        Wymore, Farrell and
        Parkinson, Helen E. and
        Sarkans, Ugis and
        Ball, Catherine A. and
        Brazma, Alvis
        },
    journal     = {BMC Bioinformatics},
    volume      = 7,
    pages       = 489,
    year        = 2006,
    url         = {http://www.biomedcentral.com/1471-2105/7/489},
}

@article{Rocca-Serra2010,
    title       = {
        ISA software suite: supporting standards-compliant experimental annotation and enabling curation at the community level
        },
    author      = {
        Rocca-Serra, Philippe and 
        Brandizi, Marco and 
        Maguire, Eamonn and 
        Sklyar, Nataliya and 
        Taylor, Chris and 
        Begley, Kimberly and 
        Field, Dawn and 
        Harris, Stephen and 
        Hide, Winston and 
        Hofmann, Oliver and 
        Neumann, Steffen and 
        Sterk, Peter and 
        Tong, Weida and 
        Sansone, Susanna-Assunta
        }, 
    journal     = {Bioinformatics},
    volume      = {26}, 
    number      = {18}, 
    pages       = {2354-2356}, 
    year        = {2010}, 
    doi         = {10.1093/bioinformatics/btq415}, 
}
    eprint = {http://bioinformatics.oxfordjournals.org/content/26/18/2354.full.pdf+html}, 
    URL = {http://bioinformatics.oxfordjournals.org/content/26/18/2354.abstract}, 

---- more stuff ----

@INPROCEEDINGS{ro_model,
  author = {Khalid Belhajjame and Oscar Corcho and Daniel Garijo and Jun Zhao and et al.},
  title = {Workflow-Centric Research Objects: First Class Citizens in Scholarly
  Discourse},
  booktitle = {Proceedings of Sepublica2012},
  year = {2012},
  pages = {1-12},
  discipline = {Computer and Information Science},
  editors = {Frank Van Harmelen and Alexander Garcia-Castro and Christoph Lange and Benjamin Good},
  keywords = {research object, scientific workflows},
  modified = {1351256048},
  subdiscipline = {Artificial Intelligence},
  tags = {reproducibility, research objects, scientific-workflows},
  type = {Conference Proceedings},
  url = {http://users.ox.ac.uk/~oerc0033/preprints/sepublica2012.pdf},
  url_mendeley = {http://www.mendeley.com/c/5281098054/p/349401/belhajjame-2012-workflow-centric-research-objects-first-class-citizens-in-scholarly-discourse/},
  version = {1351256048}
}

@article{SSI-guide,
  author    = {Software Sustainability Institute},
  title     = {Software Evaluation Guide},
  month     = {November},
  year      = {2011},
  url       = {http://www.software.ac.uk/software-evaluation-guide},
}

@article{SSI-tutorial,
  author    = {Software Sustainability Institute},
  title     = {Software Evaluation: Tutorial-based Assessment},
  month     = {November},
  year      = {2011},
  url       = {http://software.ac.uk/sites/default/files/SSI-SoftwareEvaluationTutorial.pdf},
}

@article{SSI-criteria,
  author    = {Software Sustainability Institute},
  title     = {Software Evaluation: Criteria-based Assessment},
  month     = {November},
  year      = {2011},
  url       = {http://software.ac.uk/sites/default/files/SSI-SoftwareEvaluationCriteria.pdf},
}


.....


@article{hartig2010publishing,
  title={Publishing and consuming provenance metadata on the web of linked data},
  author={Hartig, Olaf and Zhao, Jun},
  journal={Provenance and Annotation of Data and Processes},
  pages={78--90},
  year={2010},
  publisher={Springer}
}

@Inproceedings{lewen2010eorsforar,
  address = {Berlin},
  booktitle = {Knowledge Engineering and Management by the Masses, 17th International Conference, EKAW 2010, Lisbon, Portugal, October 2010, Proceedings},
  editor = {Philipp Cimiano, H. Sofia Pinto},
  month = {Oktober},
  number = {6317},
  pages = {441-450},
  publisher = {Springer},
  series = {Lecture Notes in Computer Science},
  title = {Extending Open Rating Systems for Ontology Ranking and Reuse},
  year = {2010},
  type = {Inproceedings},
  author = {Holger Lewen and Mathieu d'Aquin}
  }

@article{ciccarese2011open,
  title={An open annotation ontology for science on web 3.0},
  author={Ciccarese, P. and Ocana, M. and Garcia Castro, L.J. and Das, S. and Clark, T.},
  journal={J Biomed Semantics},
  volume={2},
  number={Suppl 2},
  pages={S4},
  year={2011}
}

@article{groth2010anatomy,
  title={The anatomy of a nanopublication},
  author={Groth, P. and Gibson, A. and Velterop, J.},
  journal={Information Services and Use},
  volume={30},
  number={1},
  pages={51--56},
  year={2010},
  publisher={IOS Press}
}

@article{bourne2012improving,
  title={Improving future research communication and e-scholarship: a summary of findings| Macquarie University ResearchOnline},
  author={Bourne, P.E. and Clark, T. and Dale, R. and De Waard, A. and Herman, I. and Hovy, E. and Shotton, D. and others},
  year={2012},
  publisher={FORCE11},
  note = {\url{http://force11.org/white_paper}}
}

@techreport{giunchiglia2009scientific,
  title={Scientific Knowledge Objects v. 1},
  institution = {Technical Report DISI-09-006, University of Trento},
  author={Giunchiglia, F. and ChenuAbente, R.},
  year={2009}
}

@misc{oaiore,
  title={Open archives initiative object reuse and exchange},
  booktitle={ORE Specifications and User Guides},
  year={2008},
  url = {http://www.openarchives.org/ore/1.0/toc.html}
}

@article{bechhofer2011linked,
  title={Why linked data is not enough for scientists},
  author={Bechhofer, S. and Buchan, I. and De Roure, D. and Missier, P. and Ainsworth, J. and Bhagat, J. and Couch, P. and Cruickshank, D. and Delderfield, M. and Dunlop, I. and Gamble, M. and Michaelides, D. and Owen, S. and Newman, D. and Sufi, S. and Goble, C.},
  journal={Future Generation Computer Systems},
  year={2011},
  publisher={Elsevier},
}

@article{hales2006checklist,
  title={The checklist--a tool for error management and performance improvement},
  author={Hales, Brigette M. and Pronovost, Peter J.},
  journal={Journal of critical care},
  volume={21},
  number={3},
  pages={231--235},
  year={2006},
  publisher={Elsevier}
}

@InProceedings{page11,
author = {Kevin R. Page and David De Roure and Et Al.},
title = {REST and Linked Data:
a match made for domain driven development?},
booktitle = {2nd International Workshop
on RESTful Design (WS-REST 2011) held in conjunction with WWW 2011},
year = {2011}
}

@article{bechhofer2012,
title = "Why linked data is not enough for scientists",
journal = "Future Generation Computer Systems",
year = "2011",
note = "",
issn = "0167-739X",
doi = "10.1016/j.future.2011.08.004",
url = "http://www.sciencedirect.com/science/article/pii/S0167739X11001439",
author = "S. Bechhofer and I. Buchan and D. D. Roure and P. Missier and J. Ainsworth and J. Bhagat and P. Couch and D. Cruickshank and Et Al.",
keywords = "Research object",
keywords = "Linked data",
keywords = "Reproducibility",
keywords = "Reuse",
keywords = "Sharing",
keywords = "Publishing"
}

@article{DBLP:journals/ijcis/WroeSGRG03,
  author    = {Chris Wroe and
               Robert Stevens and
               Carole A. Goble and
               Angus Roberts and
               R. Mark Greenwood},
  title     = {A Suite of Daml+Oil Ontologies to Describe Bioinformatics
               Web Services and Data},
  journal   = {Int. J. Cooperative Inf. Syst.},
  volume    = {12},
  number    = {2},
  year      = {2003},
  pages     = {197-224},
}
  ee        = {http://dx.doi.org/10.1142/S0218843003000711},
  bibsource = {DBLP, http://dblp.uni-trier.de}

@inproceedings{DBLP:conf/icws/TranT07,
  author    = {Vuong Xuan Tran and
               Hidekazu Tsuji},
  title     = {OWL-T: A Task Ontology Language for Automatic Service Composition},
  booktitle = {ICWS},
  year      = {2007},
  pages     = {1164-1167},
  publisher = {IEEE Computer Society},
  ee        = {http://doi.ieeecomputersociety.org/10.1109/ICWS.2007.138}
}

@Article{COG11,
author = {Paolo Ciccarese and Marco Ocana and Leyla J Garcia Castro and Sudeshna Das and Tim Clark},
title = {An Open Annotation Ontology for Science on Web 3.0},
journal = {J Biomed Semantics},
year = {2011},
volume = {2},
number = {Suppl 2},
month = {May}
}

@article{mesirov,
  author = {Mesirov, Jill P.}, 
  title = {Accessible Reproducible Research}, 
  volume = {327}, 
  number = {5964}, 
  pages = {415-416}, 
  year = {2010}, 
  doi = {10.1126/science.1179653}, 
  URL = {http://www.sciencemag.org/content/327/5964/415.short}, 
  eprint = {http://www.sciencemag.org/content/327/5964/415.full.pdf}, 
  journal = {Science} 
}

@article{DBLP:journals/fgcs/MoreauCFFGGKMMMPSSB11,
  author    = {Luc Moreau and Et Al.},
  title     = {The Open Provenance Model core specification (v1.1)},
  journal   = {Future Generation Comp. Syst.},
  volume    = {27},
  number    = {6},
  year      = {2011},
  pages     = {743-756},
}
  ee        = {http://dx.doi.org/10.1016/j.future.2010.07.005},
  bibsource = {DBLP, http://dblp.uni-trier.de}

@inproceedings{opmw,
  title = {A New Approach for Publishing Workflows: Abstractions, Standards, and Linked Data},
  url = { http://www.isi.edu/~gil/papers/garijo-gil-works11.pdf },
  booktitle = {Proceedings of the Sixth Workshop on Workflows in Support of Large-Scale Science (WORKS'11), held in conjunction with SC 2011},
  author = {Daniel Garijo and Yolanda Gil},
  year = {2011},
  address = {Seattle, Washington}
}

@article{nature10836,
  Title = {The case for open computer programs},
  Annote = {10.1038/nature10836},
  Author = {Ince, Darrel C. and Hatton, Leslie and Graham-Cumming, John},
  Date = {2012/02/23/print},
  Day = {23},
  Isbn = {0028-0836},
  Journal = {Nature},
  Month = {02},
  Number = {7386},
  Pages = {485--488},
  Publisher = {Nature Publishing Group, a division of Macmillan Publishers Limited. All Rights Reserved.},
  Url = {http://dx.doi.org/10.1038/nature10836},
  Volume = {482},
  Year = {2012},
  }

 
---





